@online{somewebsite,
	author = {Website~author},
	title = {Some website},
	date = {2020-10-08},
	url = {https://tex.stackexchange.com/},
},
@online{twilioWebsite,
	author = {Copyright © 2020 Twilio Inc.},
	title = {Twilio Docs},
	date = {2020-12-07},
	url = {https://www.twilio.com/docs/api}
},
@online{addressValidator,
	author = {Copyright © Byteplant GmbH},
	title = {Address-Validator Docs},
	date = {2020-12-07},
	url = {https://www.address-validator.net/de/api.html}
},
@online{googleTranslator,
	author = {Google LLC},
	title = {Translation},
	date = {08.12.2020},
	url = {https://cloud.google.com/translate}
}
@online{auth0,
	author = {innobit ag},
	title = {Auth0 - Identity Management},
	date = {29.12.2020},
	url = {https://www.innobit.ch/auth0/}
}
@online{wikiLatex,
	author = {Wikipedia},
	title = {LaTeX},
	date = {29.12.2020},
	url = {https://de.wikipedia.org/wiki/LaTeX}
}
@online{wikiBibtex,
	author = {Wikipedia},
	title = {BibTeX},
	date = {29.12.2020},
	url = {https://de.wikipedia.org/wiki/BibTeX}
}
@online{wikiTexstudio,
	author = {Wikipedia},
	title = {TeXstudio},
	date = {05.01.2020},
	url = {https://de.wikipedia.org/wiki/TeXstudio}
}
@online{wikiVisualStudio,
	author = {Wikipedia},
	title = {Visual Studio},
	date = {12.01.2020},
	url = {https://de.wikipedia.org/wiki/Visual_Studio}
}
@online{wikiVisualStudioCode,
	author = {Wikipedia},
	title = {Visual Studio Code},
	date = {12.01.2020},
	url = {https://de.wikipedia.org/wiki/Visual_Studio}
}
@online{postmanDocs,
	author = {Postman Inc.},
	title = {Postman Introduction},
	date = {23.01.2021},
	url = {https://learning.postman.com/docs/getting-started/introduction/}
}
@online{wikiDotnet,
	author = {Wikipedia},
	title = {.NET},
	date = {23.01.2021},
	url = {https://de.wikipedia.org/wiki/.NET}
}
@online{wikiCSharp,
	author = {Wikipedia},
	title = {C-Sharp},
	date = {23.01.2021},
	url = {https://de.wikipedia.org/wiki/C-Sharp}
}
@online{wikiJWT,
	author = {Wikipedia},
	title = {JSON Web Token},
	date = {23.01.2021},
	url = {https://de.wikipedia.org/wiki/JSON_Web_Token}
}
@online{wikiAngular,
	author = {Wikipedia},
	title = {Angular},
	date = {30.01.2021},
	url = {https://de.wikipedia.org/wiki/Angular}
}
@online{wikiTypeScript,
	author = {Wikipedia},
	title = {TypeScript},
	date = {30.01.2021},
	url = {https://de.wikipedia.org/wiki/TypeScript}
}